%YAML 1.1
%TAG !u! tag:unity3d.com,2011:
--- !u!243 &-8126725997538842228
AudioMixerGroupController:
  m_ObjectHideFlags: 0
  m_CorrespondingSourceObject: {fileID: 0}
  m_PrefabInstance: {fileID: 0}
  m_PrefabAsset: {fileID: 0}
  m_Name: Gunshot
  m_AudioMixer: {fileID: 24100000}
  m_GroupID: ba4a1fcf871a72241aae20368831e19d
  m_Children: []
  m_Volume: 0014b5f6a1d6a7f419adfb61e10ee70e
  m_Pitch: be2fe6db45c4e3345a5e578253da305b
  m_Send: 00000000000000000000000000000000
  m_Effects:
  - {fileID: -1047392192273559652}
  m_UserColorIndex: 0
  m_Mute: 0
  m_Solo: 0
  m_BypassEffects: 0
--- !u!244 &-1047392192273559652
AudioMixerEffectController:
  m_ObjectHideFlags: 3
  m_CorrespondingSourceObject: {fileID: 0}
  m_PrefabInstance: {fileID: 0}
  m_PrefabAsset: {fileID: 0}
  m_Name: 
  m_EffectID: 83f41b47d70d3934d9b013ed0becb4a3
  m_EffectName: Attenuation
  m_MixLevel: a42d91bb0ff4dce45b07596fc92a1e23
  m_Parameters: []
  m_SendTarget: {fileID: 0}
  m_EnableWetMix: 0
  m_Bypass: 0
--- !u!244 &-639769861545131126
AudioMixerEffectController:
  m_ObjectHideFlags: 3
  m_CorrespondingSourceObject: {fileID: 0}
  m_PrefabInstance: {fileID: 0}
  m_PrefabAsset: {fileID: 0}
  m_Name: 
  m_EffectID: df74fd1a17fa9864fa786c08a1ce227f
  m_EffectName: Attenuation
  m_MixLevel: 7b36ba3dce9bc5e44bfb32a9b42ce61e
  m_Parameters: []
  m_SendTarget: {fileID: 0}
  m_EnableWetMix: 0
  m_Bypass: 0
--- !u!241 &24100000
AudioMixerController:
  m_ObjectHideFlags: 0
  m_CorrespondingSourceObject: {fileID: 0}
  m_PrefabInstance: {fileID: 0}
  m_PrefabAsset: {fileID: 0}
  m_Name: EffectMixer
  m_OutputGroup: {fileID: 915138167414629214, guid: bc41405334b27924aba59461f24de2ad,
    type: 2}
  m_MasterGroup: {fileID: 24300002}
  m_Snapshots:
  - {fileID: 24500006}
  m_StartSnapshot: {fileID: 24500006}
  m_SuspendThreshold: -80
  m_EnableSuspend: 1
  m_UpdateMode: 0
  m_ExposedParameters: []
  m_AudioMixerGroupViews:
  - guids:
    - 3c8c01985bdbcef448fc0db163977358
    - ba4a1fcf871a72241aae20368831e19d
    - 895e966839a839149b151b77a72a7294
    name: View
  m_CurrentViewIndex: 0
  m_TargetSnapshot: {fileID: 24500006}
--- !u!243 &24300002
AudioMixerGroupController:
  m_ObjectHideFlags: 0
  m_CorrespondingSourceObject: {fileID: 0}
  m_PrefabInstance: {fileID: 0}
  m_PrefabAsset: {fileID: 0}
  m_Name: Master
  m_AudioMixer: {fileID: 24100000}
  m_GroupID: 3c8c01985bdbcef448fc0db163977358
  m_Children:
  - {fileID: -8126725997538842228}
  - {fileID: 6141564893860177099}
  m_Volume: 39f9ff2d25e257e419e98f1a441f30a1
  m_Pitch: 34fecc90c41bb224ca1bdb02f0671cbf
  m_Send: 00000000000000000000000000000000
  m_Effects:
  - {fileID: 24400004}
  m_UserColorIndex: 0
  m_Mute: 0
  m_Solo: 0
  m_BypassEffects: 0
--- !u!244 &24400004
AudioMixerEffectController:
  m_ObjectHideFlags: 3
  m_CorrespondingSourceObject: {fileID: 0}
  m_PrefabInstance: {fileID: 0}
  m_PrefabAsset: {fileID: 0}
  m_Name: 
  m_EffectID: 25b5d3c031ff46d4fa0544513b374816
  m_EffectName: Attenuation
  m_MixLevel: d20d97dce34cf5f4ebe519a5fbe2eec8
  m_Parameters: []
  m_SendTarget: {fileID: 0}
  m_EnableWetMix: 0
  m_Bypass: 0
--- !u!245 &24500006
AudioMixerSnapshotController:
  m_ObjectHideFlags: 0
  m_CorrespondingSourceObject: {fileID: 0}
  m_PrefabInstance: {fileID: 0}
  m_PrefabAsset: {fileID: 0}
  m_Name: Snapshot
  m_AudioMixer: {fileID: 24100000}
  m_SnapshotID: b9bea1259e7a53d43aea70a8de8a6865
  m_FloatValues: {}
  m_TransitionOverrides: {}
--- !u!244 &3368717713900077609
AudioMixerEffectController:
  m_ObjectHideFlags: 3
  m_CorrespondingSourceObject: {fileID: 0}
  m_PrefabInstance: {fileID: 0}
  m_PrefabAsset: {fileID: 0}
  m_Name: 
  m_EffectID: f2beeed60f5f61d47802f72712c193cf
  m_EffectName: Attenuation
  m_MixLevel: 2de6e3e1531ea8e4788cb58e411dcca6
  m_Parameters: []
  m_SendTarget: {fileID: 0}
  m_EnableWetMix: 0
  m_Bypass: 0
--- !u!243 &6141564893860177099
AudioMixerGroupController:
  m_ObjectHideFlags: 0
  m_CorrespondingSourceObject: {fileID: 0}
  m_PrefabInstance: {fileID: 0}
  m_PrefabAsset: {fileID: 0}
  m_Name: Walking
  m_AudioMixer: {fileID: 24100000}
  m_GroupID: 895e966839a839149b151b77a72a7294
  m_Children: []
  m_Volume: 62b4e78a8d7f4c847a1695a62f5627a3
  m_Pitch: 3733ced865558ed4d8f1eeda34b7ad44
  m_Send: 00000000000000000000000000000000
  m_Effects:
  - {fileID: 3368717713900077609}
  m_UserColorIndex: 0
  m_Mute: 0
  m_Solo: 0
  m_BypassEffects: 0
--- !u!243 &8968174989778440526
AudioMixerGroupController:
  m_ObjectHideFlags: 0
  m_CorrespondingSourceObject: {fileID: 0}
  m_PrefabInstance: {fileID: 0}
  m_PrefabAsset: {fileID: 0}
  m_Name: IntroVoice
  m_AudioMixer: {fileID: 24100000}
  m_GroupID: beedc1010cb7dd9408cca1ca0f54b579
  m_Children: []
  m_Volume: 20987be28604a2340b69c576179e13ce
  m_Pitch: 60ff2002ce51e4a4194bd9d833003a8b
  m_Send: 00000000000000000000000000000000
  m_Effects:
  - {fileID: -639769861545131126}
  m_UserColorIndex: 0
  m_Mute: 0
  m_Solo: 0
  m_BypassEffects: 0
